@preamble{ "\newcommand{\noopsort}[1]{} "
	# "\newcommand{\printfirst}[2]{#1} "
	# "\newcommand{\singleletter}[1]{#1} "
	# "\newcommand{\switchargs}[2]{#2#1} " }

@article{masters2018revisiting,
  title={Revisiting small batch training for deep neural networks},
  author={Masters, Dominic and Luschi, Carlo},
  journal={arXiv preprint arXiv:1804.07612},
  year={2018}
}

@article{felzenszwalb2009object,
	title={Object detection with discriminatively trained part-based models},
	author={Felzenszwalb, Pedro F and Girshick, Ross B and McAllester, David and Ramanan, Deva},
	journal={IEEE transactions on pattern analysis and machine intelligence},
	volume={32},
	number={9},
	pages={1627--1645},
	year={2009},
	publisher={IEEE}
}

@inproceedings{fang2018pedestrian,
  title={Is the pedestrian going to cross? answering by 2d pose estimation},
  author={Fang, Zhijie and L{\'o}pez, Antonio M},
  booktitle={2018 IEEE Intelligent Vehicles Symposium (IV)},
  pages={1271--1276},
  year={2018},
  organization={IEEE}
}

@inproceedings{abu2018will,
	title={When will you do what?-anticipating temporal occurrences of activities},
	author={Abu Farha, Yazan and Richard, Alexander and Gall, Juergen},
	booktitle={Proceedings of the IEEE Conference on Computer Vision and Pattern Recognition},
	pages={5343--5352},
	year={2018}
}

@inproceedings{ryoo2011human,
  title={Human activity prediction: Early recognition of ongoing activities from streaming videos},
  author={Ryoo, Michael S},
  booktitle={2011 International Conference on Computer Vision},
  pages={1036--1043},
  year={2011},
  organization={IEEE}
}

@inproceedings{dollar2005behavior,
  title={Behavior recognition via sparse spatio-temporal features},
  author={Doll{\'a}r, Piotr and Rabaud, Vincent and Cottrell, Garrison and Belongie, Serge},
  year={2005},
  organization={VS-PETS Beijing, China}
}

@article{kotseruba2016joint,
  title={Joint attention in autonomous driving (JAAD)},
  author={Kotseruba, Iuliia and Rasouli, Amir and Tsotsos, John K},
  journal={arXiv preprint arXiv:1609.04741},
  year={2016}
}

@inproceedings{ren2015faster,
  title={Faster r-cnn: Towards real-time object detection with region proposal networks},
  author={Ren, Shaoqing and He, Kaiming and Girshick, Ross and Sun, Jian},
  booktitle={Advances in neural information processing systems},
  pages={91--99},
  year={2015}
}

@inproceedings{wojke2017simple,
  title={Simple online and realtime tracking with a deep association metric},
  author={Wojke, Nicolai and Bewley, Alex and Paulus, Dietrich},
  booktitle={2017 IEEE International Conference on Image Processing (ICIP)},
  pages={3645--3649},
  year={2017},
  organization={IEEE}
}

@inproceedings{cao2017realtime,
  title={Realtime multi-person 2d pose estimation using part affinity fields},
  author={Cao, Zhe and Simon, Tomas and Wei, Shih-En and Sheikh, Yaser},
  booktitle={Proceedings of the IEEE Conference on Computer Vision and Pattern Recognition},
  pages={7291--7299},
  year={2017}
}

@inproceedings{richard2017weakly,
  title={Weakly supervised action learning with rnn based fine-to-coarse modeling},
  author={Richard, Alexander and Kuehne, Hilde and Gall, Juergen},
  booktitle={Proceedings of the IEEE Conference on Computer Vision and Pattern Recognition},
  pages={754--763},
  year={2017}
}

@inproceedings{walk2010new,
  title={New features and insights for pedestrian detection},
  author={Walk, Stefan and Majer, Nikodem and Schindler, Konrad and Schiele, Bernt},
  booktitle={2010 IEEE Computer society conference on computer vision and pattern recognition},
  pages={1030--1037},
  year={2010},
  organization={IEEE}
}

@article{dollar2011pedestrian,
  title={Pedestrian detection: An evaluation of the state of the art},
  author={Dollar, Piotr and Wojek, Christian and Schiele, Bernt and Perona, Pietro},
  journal={IEEE transactions on pattern analysis and machine intelligence},
  volume={34},
  number={4},
  pages={743--761},
  year={2011},
  publisher={IEEE}
}

@inproceedings{liu2016ssd,
  title={Ssd: Single shot multibox detector},
  author={Liu, Wei and Anguelov, Dragomir and Erhan, Dumitru and Szegedy, Christian and Reed, Scott and Fu, Cheng-Yang and Berg, Alexander C},
  booktitle={European conference on computer vision},
  pages={21--37},
  year={2016},
  organization={Springer}
}

@inproceedings{rasouli2017agreeing,
  title={Agreeing to cross: How drivers and pedestrians communicate},
  author={Rasouli, Amir and Kotseruba, Iuliia and Tsotsos, John K},
  booktitle={2017 IEEE Intelligent Vehicles Symposium (IV)},
  pages={264--269},
  year={2017},
  organization={IEEE}
}

@inproceedings{dalal2005histograms,
  title={Histograms of oriented gradients for human detection},
  author={Dalal, Navneet and Triggs, Bill},
  year={2005}
}

@article{lowe2004distinctive,
  title={Distinctive image features from scale-invariant keypoints},
  author={Lowe, David G},
  journal={International journal of computer vision},
  volume={60},
  number={2},
  pages={91--110},
  year={2004},
  publisher={Springer}
}
